@misc{LietuvosMatematikuDraugijos,
  title = {{Lietuvos matematik{\k u} draugijos konferencija {\textbar} Klaip{\.e}dos universitetas}},
  urldate = {2025-06-24},
  abstract = {Klaip{\.e}dos universitetas -- dinami{\v s}kas, augantis daugiasritis universitetas, siekiantis tapti Baltijos regiono universitet{\k u} lyderiu.},
  howpublished = {https://www.ku.lt/lt/lietuvos-matematiku-draugijos-konferencija},
  langid = {lithuanian},
  file = {C:\Users\Arnas Vaicekauskas\Zotero\storage\Y6PF3HXH\lietuvos-matematiku-draugijos-konferencija.html}
}

@misc{MurmurationsArithmeticGeometry,
  title = {Murmurations in {{Arithmetic Geometry}} and {{Related Topics}}: {{November}} 11-15, 2024 -- {{SCGP}}},
  journal = {SCGP},
  urldate = {2025-06-24},
  howpublished = {https://scgp.stonybrook.edu/archives/43116},
  file = {C:\Users\Arnas Vaicekauskas\Zotero\storage\9J64F8PY\43116.html}
}

@inproceedings{petrulisWideTuningRange2024,
  title = {Wide {{Tuning Range X-Band LC-VCO Designed}} in 90 Nm {{CMOS Technology}}},
  booktitle = {2024 {{IEEE Workshop}} on {{Microwave Theory}} and {{Technology}} in {{Wireless Communications}} ({{MTTW}})},
  author = {Petrulis, Benas and Ma{\v c}aitis, Vytautas and Barzd{\.e}nas, Vaidotas and Gra{\v z}ulevi{\v c}ius, Gediminas and Wang, Sen and Chuang, Chieh},
  year = {2024},
  month = oct,
  pages = {24--28},
  publisher = {IEEE},
  address = {Riga, Latvia},
  doi = {10.1109/MTTW64344.2024.10742164},
  urldate = {2025-06-24},
  copyright = {https://doi.org/10.15223/policy-029},
  isbn = {979-8-3315-3317-5},
  langid = {english},
  file = {C:\Users\Arnas Vaicekauskas\Zotero\storage\AGEMP4BS\Petrulis et al. - 2024 - Wide Tuning Range X-Band LC-VCO Designed in 90 nm CMOS Technology.pdf}
}

@misc{SCGPVIDEOPORTAL,
  title = {{{SCGP VIDEO PORTAL}}},
  urldate = {2025-06-24},
  howpublished = {https://www.scgp.stonybrook.edu/video/video.php?id=6811},
  file = {C:\Users\Arnas Vaicekauskas\Zotero\storage\JT6WP7NB\video.html}
}

@article{stikonasKONFERENCIJOSPROGRAMINISKOMITETAS2024,
  title = {{KONFERENCIJOS PROGRAMINIS KOMITETAS}},
  author = {{\v S}tikonas, Art{\=u}ras and Macaitien{\.e}, Renata and {\v S}a, Vu and Stoncelis, Mindaugas and {\v S}a, Vu},
  year = {2024},
  langid = {lithuanian},
  file = {C:\Users\Arnas Vaicekauskas\Zotero\storage\ZPM782TH\Štikonas et al. - 2024 - KONFERENCIJOS PROGRAMINIS KOMITETAS.pdf}
}

@article{vaicekauskasMaisymoProcesoModeliavimas,
  title = {{Mai{\v s}ymo proceso modeliavimas YAG reakcijose}},
  author = {Vaicekauskas, Arnas},
  langid = {lithuanian},
  file = {C:\Users\Arnas Vaicekauskas\Zotero\storage\RWLNAA6N\Vaicekauskas - Maišymo proceso modeliavimas YAG reakcijose.pdf}
}

@misc{vidunasConwaysGameLife2025,
  title = {Conway's Game {{Life}} Perturbed},
  author = {Vidunas, Raimundas and Vaicekauskas, Arnas},
  year = {2025},
  month = mar,
  number = {arXiv:2503.19869},
  eprint = {2503.19869},
  primaryclass = {nlin},
  publisher = {arXiv},
  doi = {10.48550/arXiv.2503.19869},
  urldate = {2025-06-22},
  abstract = {A stochastic modification of Conway's cellular automaton "Life" is introduced here. Any cell could be perturbed spontaneously to the opposite (dead or alive) state at any iteration with a very low probability. This probability is assumed to be so low that perturbations affect most sensibly large patterns only in single cells after they settle into stable, oscillating or moving configurations. This defines a Markov process on the set of stabilised patterns, with unboundedly growing or overly large patterns represented by a general unspecified state of "being huge". This stochastic model should approximate emergence of complexity and live processes yet more interestingly than the original Conway's game. This paper illustrates the proposed Markovian dynamics on the infinite "Life" grid with a limited set of most frequent patterns. Concrete results are presented for this new game on small square toruses, of size up to 10x10 cells.},
  archiveprefix = {arXiv},
  keywords = {Nonlinear Sciences - Cellular Automata and Lattice Gases},
  file = {C\:\\Users\\Arnas Vaicekauskas\\Zotero\\storage\\ZRE6VNU7\\Vidunas and Vaicekauskas - 2025 - Conway's game Life perturbed.pdf;C\:\\Users\\Arnas Vaicekauskas\\Zotero\\storage\\WADRJBZE\\2503.html}
}

@misc{VilniusGediminasTechnical,
  title = {Vilnius {{Gediminas Technical University}}},
  urldate = {2025-06-24},
  howpublished = {https://vilniustech.lt/international-conference-estream/about-conference/335036},
  file = {C:\Users\Arnas Vaicekauskas\Zotero\storage\I6TTKT5X\335036.html}
}
